<?xml version="1.0" encoding="UTF-8"?><collection xmlns="http://www.loc.gov/MARC21/slim"><record><leader>00349nam--2200121-i-4500</leader><controlfield tag="001">000043770</controlfield><controlfield tag="002">20161230</controlfield><controlfield tag="005">20161230201044</controlfield><controlfield tag="008">060222s1000------------r-----000-0-eng-d</controlfield><datafield ind1=" " ind2=" " tag="100"><subfield code="a">Tarski,Alfred</subfield></datafield><datafield ind1=" " ind2=" " tag="245"><subfield code="a">Introduction to logic and to the methodology of deductive sciences</subfield></datafield><datafield ind1=" " ind2=" " tag="260"><subfield code="a">New York, Oxford Univ.Press, 1963. Xviii + 239 P</subfield></datafield><datafield ind1=" " ind2=" " tag="852"><subfield code="a">15234</subfield></datafield></record></collection>